@article{akyildiz2010value,
  title={The value of D-dimer test in the diagnosis of patients with nontraumatic acute abdomen},
  author={Akyildiz, Hizir Yakup and Sozuer, Erdogan and Akcan, Alper and Ku{\c{c}}uk, Can and Artis, Tarik and Biri, {\.I}smail and Y{\i}lmaz, Nam{\i}k and others},
  journal={Turkish Journal of Trauma and Emergency Surgery},
  volume={16},
  number={1},
  pages={22--26},
  year={2010}
}

@article{leon2006bedside,
  title={A bedside scoring system (“Candida score”) for early antifungal treatment in nonneutropenic critically ill patients with Candida colonization},
  author={Le{\'o}n, Crist{\'o}bal and Ruiz-Santana, Sergio and Saavedra, Pedro and Almirante, Benito and Nolla-Salas, Juan and {\'A}lvarez-Lerma, Francisco and Garnacho-Montero, Jos{\'e} and Le{\'o}n, Mar{\'\i}a {\'A}ngeles and EPCAN Study Group and others},
  journal={Critical care medicine},
  volume={34},
  number={3},
  pages={730--737},
  year={2006},
  publisher={LWW}
}

@article{su1993linear,
  title={Linear combinations of multiple diagnostic markers},
  author={Su, John Q and Liu, Jun S},
  journal={Journal of the American Statistical Association},
  volume={88},
  number={424},
  pages={1350--1355},
  year={1993},
  publisher={Taylor \& Francis}
}

@article{walker1967estimation,
  title={Estimation of the probability of an event as a function of several independent variables},
  author={Walker, Strother H and Duncan, David B},
  journal={Biometrika},
  volume={54},
  number={1-2},
  pages={167--179},
  year={1967},
  publisher={Oxford University Press}
}

@article{liu2011min,
  title={A min--max combination of biomarkers to improve diagnostic accuracy},
  author={Liu, Chunling and Liu, Aiyi and Halabi, Susan},
  journal={Statistics in medicine},
  volume={30},
  number={16},
  pages={2005--2014},
  year={2011},
  publisher={Wiley Online Library}
}

@article{pepe2000combining,
  title={Combining diagnostic test results to increase accuracy},
  author={Pepe, Margaret Sullivan and Thompson, Mary Lou},
  journal={Biostatistics},
  volume={1},
  number={2},
  pages={123--140},
  year={2000},
  publisher={Oxford University Press}
}

@article{pepe2006combining,
  title={Combining predictors for classification using the area under the receiver operating characteristic curve},
  author={Pepe, Margaret Sullivan and Cai, Tianxi and Longton, Gary},
  journal={Biometrics},
  volume={62},
  number={1},
  pages={221--229},
  year={2006},
  publisher={Wiley Online Library}
}

@article{sameera2016binary,
  title={Binary classification using multivariate receiver operating characteristic curve for continuous data},
  author={Sameera, G and Vardhan, R Vishnu and Sarma, KVS},
  journal={Journal of biopharmaceutical statistics},
  volume={26},
  number={3},
  pages={421--431},
  year={2016},
  publisher={Taylor \& Francis}
}

@article{todor2014tools,
  title={Tools to identify linear combination of prognostic factors which maximizes area under receiver operator curve},
  author={Todor, Nicolae and Todor, Irina and S{\u{a}}pl{\u{a}}can, Gavril},
  journal={Journal of clinical bioinformatics},
  volume={4},
  number={1},
  pages={1--7},
  year={2014},
  publisher={Springer}
}

@article{friedman2010regularization,
  title={Regularization paths for generalized linear models via coordinate descent},
  author={Friedman, Jerome and Hastie, Trevor and Tibshirani, Rob},
  journal={Journal of statistical software},
  volume={33},
  number={1},
  pages={1},
  year={2010},
  publisher={NIH Public Access}
}

@article{team2013r,
  title={R: A language and environment for statistical computing},
  author={Team, R Core and others},
  year={2013},
  publisher={Vienna, Austria}
}

@article{hastie2019gam,
  title={gam: Generalized Additive Models. R package version 1.16. 1},
  author={Hastie, Trevor},
  journal={Von https://CRAN. R-project. org/package= gam abgerufen},
  year={2019}
}

@article{drost2018philentropy,
  title={Philentropy: information theory and distance quantification with R},
  author={Drost, Hajk-Georg},
  journal={Journal of Open Source Software},
  volume={3},
  number={26},
  pages={765},
  year={2018}
}

@article{kuhn2015caret,
  title={Caret: classification and regression training},
  author={Kuhn, Max},
  journal={Astrophysics Source Code Library},
  pages={ascl--1505},
  year={2015}
}

@article{robin2011proc,
  title={pROC: an open-source package for R and S+ to analyze and compare ROC curves},
  author={Robin, Xavier and Turck, Natacha and Hainard, Alexandre and Tiberti, Natalia and Lisacek, Fr{\'e}d{\'e}rique and Sanchez, Jean-Charles and M{\"u}ller, Markus},
  journal={BMC bioinformatics},
  volume={12},
  number={1},
  pages={1--8},
  year={2011},
  publisher={BioMed Central}
}